@book{alexander2010,
  title={The performance of politics: Obama's victory and the democratic struggle for power},
  author={Alexander, Jeffrey C},
  year={2010},
  publisher={Oxford University Press}
}

@book{alexander2006,
  title={Social performance: Symbolic action, cultural pragmatics, and ritual},
  author={Alexander, Jeffrey C and Giesen, Bernhard and Mast, Jason L},
  year={2006},
  publisher={Cambridge University Press}
}

@book{alexander2011,
  title={Performance and power},
  author={Alexander, Jeffrey C},
  year={2011},
  publisher={Polity}
}

@article{aslanidis2016,
  title={Is populism an ideology? A refutation and a new perspective},
  author={Aslanidis, Paris},
  journal={Political studies},
  volume={64},
  number={1\_suppl},
  pages={88--104},
  year={2016},
  publisher={SAGE Publications Sage UK: London, England}
}

@article{christine2005,
  title={A gendered influence in campaign debates? Analysis of mixed-gender United States Senate and Gubernatorial debates},
  author={Christine Banwart, Mary and McKinney, Mitchell S},
  journal={Communication studies},
  volume={56},
  number={4},
  pages={353--373},
  year={2005},
  publisher={Taylor \& Francis}
}

@Manual{sposito2021,
  title = {poldis: Tools for analyzing political discourse},
  author = {Henrique Sposito},
  year = {2021},
  url = {https://github.com/henriquesposito/poldis},
}

@book{beard1993,
  title={The official politically correct dictionary and handbook},
  author={Beard, Henry and Cerf, Christopher},
  year={1993},
  publisher={Villard Books}
}

@book{berman2011,
  title={Debating PC: The controversy over political correctness on college campuses},
  author={Berman, Paul},
  year={2011},
  publisher={Delta}
}

@article{betz2001,
  title={Exclusionary Populism in Austria, Italy, and Switzerland},
  author={Betz, Hans-Georg},
  journal={International Journal},
  volume={56},
  number={3},
  pages={393--420},
  year={2001},
  publisher={SAGE Publications Sage UK: London, England}
}

@article{blankenship1995,
  title={A “feminine style” in women's political discourse: An exploratory essay},
  author={Blankenship, Jane and Robson, Deborah C},
  journal={Communication Quarterly},
  volume={43},
  number={3},
  pages={353--366},
  year={1995},
  publisher={Taylor \& Francis}
}

@book{brinton2005,
  title={Lexicalization and language change},
  author={Brinton, Laurel J and Traugott, Elizabeth Closs},
  year={2005},
  publisher={Cambridge University Press}
}

@article{brubaker2017,
  title={Why populism?},
  author={Brubaker, Rogers},
  journal={Theory and society},
  volume={46},
  number={5},
  pages={357--385},
  year={2017},
  publisher={Springer}
}

@article{brubaker2020,
  title={Populism and nationalism},
  author={Brubaker, Rogers},
  journal={Nations and nationalism},
  volume={26},
  number={1},
  pages={44--66},
  year={2020},
  publisher={Wiley Online Library}
}

@article{bush1995,
  title={A brief history of PC, with annotated bibliography},
  author={Bush, Harold K},
  journal={American Studies International},
  volume={33},
  number={1},
  pages={42--64},
  year={1995},
  publisher={JSTOR}
}

@book{bybee2015,
  title={Language change},
  author={Bybee, Joan},
  year={2015},
  publisher={Cambridge University Press}
}

@article{carlo2018,
  title={Bolsonaro e a cultura do politicamente incorreto na politica brasileira},
  author={Carlo, Josnei and Kamradt, Joao},
  journal={Teoria e Cultura},
  volume={13},
  number={2},
  year={2018}
}

@article{chait2015,
  title={Not a very PC thing to say},
  author={Chait, Jonathan},
  journal={New York Magazine},
  volume={27},
  year={2015}
}

@book{chaney2014supermadre,
  title={Supermadre: women in politics in Latin America},
  author={Chaney, Elsa M},
  volume={50},
  year={2014},
  publisher={University of Texas Press}
}

@article{chow2016politically,
  title={Politically Correct: the Phrase has gone from Wisdom to Weapon},
  author={Chow, Kat},
  journal={NPR. org. December},
  volume={14},
  year={2016}
}

@article{conway2017,
  title={Donald Trump as a cultural revolt against perceived communication restriction: Priming political correctness norms causes more Trump support},
  author={Conway, Lucian Gideon III and Repke, Meredith A and Houck, Shannon C},
  journal={Journal of Social and Political Psychology},
  volume={5},
  number={1},
  year={2017},
  publisher={PsychOpen GOLD}
}

@article{conway2009,
  title={When self-censorship norms backfire: The manufacturing of positive communication and its ironic consequences for the perceptions of groups},
  author={Conway, Lucian Gideon III and Salcido, Amanda and Gornick, Laura Janelle and Bongard, Kate Ashley and Moran, Meghan A and Burfiend, Chelsea},
  journal={Basic and Applied Social Psychology},
  volume={31},
  number={4},
  pages={335--347},
  year={2009},
  publisher={Taylor \& Francis}
}

@article{dijk1997,
  title={What is political discourse analysis},
  author={Van Dijk, Teun A and others},
  journal={Belgian journal of linguistics},
  volume={11},
  number={1},
  pages={11--52},
  year={1997}
}

@book{d1991,
  title={Illiberal education: The politics of race and sex on campus},
  author={D'Souza, Dinesh},
  year={1991},
  publisher={Simon and Schuster}
}

@data{cezar2021,
author = {Cezar, Rodrigo Fagundes},
publisher = {Harvard Dataverse},
title = {Brazilian Presidential Speeches from 1985 to July 2020},
year = {2020},
version = {V2},
doi = {10.7910/DVN/M9UU09},
url = {https://doi.org/10.7910/DVN/M9UU09}
}

@article{fairclough2003,
  title={'Political correctness': The politics of culture and language},
  author={Fairclough, Norman},
  journal={Discourse \& Society},
  volume={14},
  number={1},
  pages={17--28},
  year={2003},
  publisher={Sage Publications London}
}

@book{feldstein1997,
  title={Political correctness: A response from the cultural left},
  author={Feldstein, Richard},
  year={1997},
  publisher={U of Minnesota Press}
}

@article{franceschet2016,
  title={Supermadres, maternal legacies and women's political participation in contemporary Latin America},
  author={Franceschet, Susan and Piscopo, Jennifer M and Thomas, Gwynn},
  journal={Journal of Latin American Studies},
  volume={48},
  number={1},
  pages={1--32},
  year={2016},
  publisher={Cambridge University Press}
}

@article{goffman1956,
  title={The presentation of self in everyday life. University of Edinburgh},
  author={Goffman, Erving},
  journal={Social Sciences Research Centre},
  year={1956}
}

@article{coleman2000,
  title={Televised election debates},
  author={Coleman, Stephen},
  journal={International perspectives},
  year={2000},
  publisher={Springer}
}

@article{foley2012,
  title={Sound bites: Rethinking the circulation of speech from fragment to fetish},
  author={Foley, Megan},
  journal={Rhetoric and Public Affairs},
  volume={15},
  number={4},
  pages={613--622},
  year={2012},
  publisher={Michigan State University Press}
}

@article{mckinney2013,
  title={Do presidential debates matter? Examining a decade of campaign debate effects},
  author={McKinney, Mitchell S and Warner, Benjamin R},
  journal={Argumentation and Advocacy},
  volume={49},
  number={4},
  pages={238--258},
  year={2013},
  publisher={Taylor and Francis}
}

@book{allison2009,
  title={Fixed effects regression models},
  author={Allison, Paul D},
  year={2009},
  publisher={SAGE publications}
}

@article{gutmann1994,
  title={Multiculturalism: Examining the politics of recognition},
  author={Gutmann, Amy},
  year={1994}
}

@article{hall1994,
  title={Some "politically incorrect" pathways through PC'in Sarah Dunant (ed.) The war of the words: the political correctness debate, 164-183},
  author={Hall, Stuart},
  journal={London: Virago},
  year={1994}
}

@article{hawkins2009,
  title={Is Chavez populist? Measuring populist discourse in comparative perspective},
  author={Hawkins, Kirk A},
  journal={Comparative political studies},
  volume={42},
  number={8},
  pages={1040--1067},
  year={2009},
  publisher={Sage Publications Sage CA: Los Angeles, CA}
}

@article{hawkins2018,
  title={Measuring populist discourse in the United States and beyond},
  author={Hawkins, Kirk A and Rovira Kaltwasser, Cristobal},
  journal={Nature human behaviour},
  volume={2},
  number={4},
  pages={241--242},
  year={2018},
  publisher={Nature Publishing Group}
}

@book{hughes2011,
  title={Political correctness: A history of semantics and culture},
  author={Hughes, Geoffrey},
  year={2011},
  publisher={John Wiley and Sons}
}

@article{kentikelenis2021,
  title={Legitimacy challenges to the liberal world order: Evidence from United Nations speeches, 1970-2018},
  author={Kentikelenis, Alexander and Voeten, Erik},
  journal={The Review of International Organizations},
  volume={16},
  number={4},
  pages={721--754},
  year={2021},
  publisher={Springer}
}

@book{laclau2005,
  title={On populist reason},
  author={Laclau, Ernesto},
  year={2005},
  publisher={Verso}
}

@article{loury1994,
  title={Self-censorship in public discourse: A theory of “political correctness” and related phenomena},
  author={Loury, Glenn C},
  journal={Rationality and Society},
  volume={6},
  number={4},
  pages={428--461},
  year={1994},
  publisher={SAGE Periodicals Press}
}

@book{mishra2017,
  title={Age of anger: A history of the present},
  author={Mishra, Pankaj},
  year={2017},
  publisher={Macmillan}
}

@book{moffitt2016,
  title={The global rise of populism: Performance, political style, and representation},
  author={Moffitt, Benjamin},
  year={2016},
  publisher={Stanford University Press}
}

@article{moffitt2014,
  title={Rethinking populism: Politics, mediatisation and political style},
  author={Moffitt, Benjamin and Tormey, Simon},
  journal={Political studies},
  volume={62},
  number={2},
  pages={381-397},
  year={2014},
  publisher={SAGE Publications Sage UK: London, England}
}

@misc{montanaro2018,
  title={Warning to Democrats: Most Americans against US getting more politically correct},
  author={Montanaro, Domenico},
  year={2018},
  publisher={NPR}
}

@article{mounk2018,
  title={Americans strongly dislike PC culture},
  author={Mounk, Yascha},
  journal={The Atlantic},
  volume={10},
  year={2018}
}

@article{mudde2004,
  title={The populist zeitgeist},
  author={Mudde, Cas},
  journal={Government and opposition},
  volume={39},
  number={4},
  pages={541-563},
  year={2004},
  publisher={Wiley Online Library}
}

@book{mudde2007,
  title={Populist radical right parties in Europe},
  author={Mudde, Cas},
  year={2007},
  publisher={Cambridge: Cambridge university press}
}

@book{norris2019,
  title={Cultural backlash: Trump, Brexit, and authoritarian populism},
  author={Norris, Pippa and Inglehart, Ronald},
  year={2019},
  publisher={Cambridge University Press}
}

@article{fordahl2018,
  title={Authenticity: The sociological dimensions of a politically consequential concept},
  author={Fordahl, Clayton},
  journal={The American Sociologist},
  volume={49},
  number={2},
  pages={299--311},
  year={2018},
  publisher={Springer}
}

@article{rosenblum2020,
  title={Tell it like it is: When politically incorrect language promotes authenticity.},
  author={Rosenblum, Michael and Schroeder, Juliana and Gino, Francesca},
  journal={Journal of Personality and Social Psychology},
  volume={119},
  number={1},
  pages={75},
  year={2020},
  publisher={American Psychological Association}
}

@article{gantt2017donald,
  title={Donald Trump’s “political incorrectness”: Neoliberalism as frontstage racism on social media},
  author={Gantt Shafer, Jessica},
  journal={Social Media+ Society},
  volume={3},
  number={3},
  pages={2056305117733226},
  year={2017},
  publisher={SAGE Publications Sage UK: London, England}
}

@article{stiers2021,
  title={Candidate authenticity:'To thine own self be true'},
  author={Stiers, Dieter and Larner, Jac and Kenny, John and Breitenstein, Sofia and Vallee-Dubois, Florence and Lewis-Beck, Michael},
  journal={Political Behavior},
  volume={43},
  number={3},
  pages={1181--1204},
  year={2021},
  publisher={Springer}
}

@article{tamaki2020,
  title={Populism in Brazil’s 2018 general elections: An analysis of Bolsonaro's campaign speeches},
  author={Tamaki, Eduardo Ryo and Fuks, Mario},
  journal={Lua Nova: Revista de Cultura e Politica},
  pages={103--127},
  year={2020},
  publisher={SciELO Brasil}
}

@book{taylor1992,
  title={The ethics of authenticity},
  author={Taylor, Charles},
  year={1992},
  publisher={Harvard University Press}
}

@incollection{taylor1994,
  title={Multiculturalism},
  author={Taylor, Charles},
  booktitle={Multiculturalism},
  year={1994},
  publisher={Princeton University Press}
}

@article{valgarosson2021,
  title={The good politician and political trust: An authenticity gap in British politics?},
  author={Valgarosson, Viktor Orri and Clarke, Nick and Jennings, Will and Stoker, Gerry},
  journal={Political Studies},
  volume={69},
  number={4},
  pages={858--880},
  year={2021},
  publisher={SAGE Publications Sage UK: London, England}
}

@article{weyland2001,
  title={Clarifying a contested concept: Populism in the study of Latin American politics},
  author={Weyland, Kurt},
  journal={Comparative politics},
  pages={1--22},
  year={2001},
  publisher={JSTOR}
}

@article{weigel2016,
  title={Political correctness: how the right invented a phantom enemy},
  author={Weigel, Moira},
  journal={The Guardian},
  volume={30},
  pages={2016},
  year={2016}
}

@article{wood1994,
  title={Gendered media: The influence of media on views of gender},
  author={Wood, Julia T},
  journal={Gendered lives: Communication, gender, and culture},
  volume={9},
  pages={231--244},
  year={1994},
  publisher={Wadsworth Publishing Belmont, CA}
}

@book{wooldridge2015introductory,
  title={Introductory econometrics: A modern approach},
  author={Wooldridge, Jeffrey M},
  year={2015},
  publisher={Cengage learning}
}

@article{goncalves2020,
  title={94% dos brasileiros reconhecem que pessoas negras tem mais chances de serem abordadas de forma violenta e mortas pela policia, diz pesquisa},
  author={Goncalves, Felipe and Goncalves, Gabriela},
  journal={G1 Globo},
  year={2020}
}

@article{possenti1995,
  title={A linguagem politicamente correta e a analise do discurso},
  author={Possenti, Sirio},
  journal={Revista de estudos da linguagem},
  volume={3},
  number={2},
  pages={123--140},
  year={1995}
}

@article{fiorin2008,
  title={A linguagem politicamente correta},
  author={Fiorin, Jose Luiz},
  journal={revista Linguasagem},
  volume={1},
  number={1},
  year={2008}
}

@article{morato2017,
  title={“O mundo ta chato”: algumas notas sobre a dimensao sociocognitiva do politicamente correto na linguagem},
  author={Morato, Edwiges and Bentes, Anna Christina},
  journal={Revista USP},
  number={115},
  pages={11--28},
  year={2017}
}

@article{wc2014,
  title={Notas sobre o politicamente correto},
  author={Weinmann, Amadeu de Oliveira and Culau, Fabio Vacaro},
  journal={Estudos e Pesquisas em Psicologia},
  volume={14},
  number={2},
  pages={628--645},
  year={2014},
  publisher={Universidade do Estado do Rio de Janeiro}
}

@article{farias2001,
  title={Liberdade de expressao e comunicacao},
  author={Farias, Edilsom Pereira de},
  year={2001},
  publisher={Florianopolis, SC}
}

@article{freitas2013,
  title={Liberdade de Expressao e Discurso do Odio: um exame sobre as possiveis limitacoes a liberdade de expressao},
  author={Freitas, Riva Sobrado de and Castro, Matheus Felipe de},
  journal={Sequencia},
  pages={327--355},
  year={2013},
  publisher={SciELO Brasil}
}

@book{ragin1987,
  title={The comparative method: Moving beyond qualitative and quantitative strategies},
  author={Ragin, Charles C},
  year={1987},
  publisher={JSTOR}
}

@book{baker2020,
  title={Persuasive peers: social communication and voting in Latin America},
  author={Baker, Andy and Ames, Barry and Renn{\'o}, L{\'u}cio},
  year={2020},
  publisher={Princeton University Press}
}
