@book{alexander2010,
  title={The performance of politics: Obama's victory and the democratic struggle for power},
  author={Alexander, Jeffrey C},
  year={2010},
  publisher={Oxford University Press}
}

@book{alexander2006,
  title={Social performance: Symbolic action, cultural pragmatics, and ritual},
  author={Alexander, Jeffrey C and Giesen, Bernhard and Mast, Jason L},
  year={2006},
  publisher={Cambridge University Press}
}

@book{alexander2011,
  title={Performance and power},
  author={Alexander, Jeffrey C},
  year={2011},
  publisher={Polity}
}

@article{aslanidis2016,
  title={Is populism an ideology? A refutation and a new perspective},
  author={Aslanidis, Paris},
  journal={Political studies},
  volume={64},
  number={1\_suppl},
  pages={88--104},
  year={2016},
  publisher={SAGE Publications Sage UK: London, England}
}

@article{christine2005,
  title={A gendered influence in campaign debates? Analysis of mixed-gender United States Senate and Gubernatorial debates},
  author={Christine Banwart, Mary and McKinney, Mitchell S},
  journal={Communication studies},
  volume={56},
  number={4},
  pages={353--373},
  year={2005},
  publisher={Taylor \& Francis}
}

@Manual{sposito2021,
  title = {poldis: Tools for analyzing political discourse},
  author = {Henrique Sposito},
  year = {2021},
  url = {https://github.com/henriquesposito/poldis},
}

@book{beard1993,
  title={The official politically correct dictionary and handbook},
  author={Beard, Henry and Cerf, Christopher},
  year={1993},
  publisher={Villard Books}
}

@book{berman2011,
  title={Debating PC: The controversy over political correctness on college campuses},
  author={Berman, Paul},
  year={2011},
  publisher={Delta}
}

@article{betz2001,
  title={Exclusionary Populism in Austria, Italy, and Switzerland},
  author={Betz, Hans-Georg},
  journal={International Journal},
  volume={56},
  number={3},
  pages={393--420},
  year={2001},
  publisher={SAGE Publications Sage UK: London, England}
}

@article{blankenship1995,
  title={A “feminine style” in women's political discourse: An exploratory essay},
  author={Blankenship, Jane and Robson, Deborah C},
  journal={Communication Quarterly},
  volume={43},
  number={3},
  pages={353--366},
  year={1995},
  publisher={Taylor \& Francis}
}

@book{brinton2005,
  title={Lexicalization and language change},
  author={Brinton, Laurel J and Traugott, Elizabeth Closs},
  year={2005},
  publisher={Cambridge University Press}
}

@article{brubaker2017,
  title={Why populism?},
  author={Brubaker, Rogers},
  journal={Theory and society},
  volume={46},
  number={5},
  pages={357--385},
  year={2017},
  publisher={Springer}
}

@article{brubaker2020,
  title={Populism and nationalism},
  author={Brubaker, Rogers},
  journal={Nations and nationalism},
  volume={26},
  number={1},
  pages={44--66},
  year={2020},
  publisher={Wiley Online Library}
}

@article{bush1995,
  title={A brief history of PC, with annotated bibliography},
  author={Bush, Harold K},
  journal={American Studies International},
  volume={33},
  number={1},
  pages={42--64},
  year={1995},
  publisher={JSTOR}
}

@book{bybee2015,
  title={Language change},
  author={Bybee, Joan},
  year={2015},
  publisher={Cambridge University Press}
}

@article{carlo2018,
  title={Bolsonaro e a cultura do politicamente incorreto na politica brasileira},
  author={Carlo, Josnei and Kamradt, Joao},
  journal={Teoria e Cultura},
  volume={13},
  number={2},
  year={2018}
}

@article{chait2015,
  title={Not a very PC thing to say},
  author={Chait, Jonathan},
  journal={New York Magazine},
  volume={27},
  year={2015}
}

@book{chaney2014supermadre,
  title={Supermadre: women in politics in Latin America},
  author={Chaney, Elsa M},
  volume={50},
  year={2014},
  publisher={University of Texas Press}
}

@article{chow2016politically,
  title={Politically Correct: the Phrase has gone from Wisdom to Weapon},
  author={Chow, Kat},
  journal={NPR. org. December},
  volume={14},
  year={2016}
}

@article{conway2017,
  title={Donald Trump as a cultural revolt against perceived communication restriction: Priming political correctness norms causes more Trump support},
  author={Conway, Lucian Gideon III and Repke, Meredith A and Houck, Shannon C},
  journal={Journal of Social and Political Psychology},
  volume={5},
  number={1},
  year={2017},
  publisher={PsychOpen GOLD}
}

@article{conway2009,
  title={When self-censorship norms backfire: The manufacturing of positive communication and its ironic consequences for the perceptions of groups},
  author={Conway, Lucian Gideon III and Salcido, Amanda and Gornick, Laura Janelle and Bongard, Kate Ashley and Moran, Meghan A and Burfiend, Chelsea},
  journal={Basic and Applied Social Psychology},
  volume={31},
  number={4},
  pages={335--347},
  year={2009},
  publisher={Taylor \& Francis}
}

@article{dijk1997,
  title={What is political discourse analysis},
  author={Van Dijk, Teun A and others},
  journal={Belgian journal of linguistics},
  volume={11},
  number={1},
  pages={11--52},
  year={1997}
}

@book{d1991,
  title={Illiberal education: The politics of race and sex on campus},
  author={D'Souza, Dinesh},
  year={1991},
  publisher={Simon and Schuster}
}

@data{cezar2021,
author = {Cezar, Rodrigo Fagundes},
publisher = {Harvard Dataverse},
title = {Brazilian Presidential Speeches from 1985 to July 2020},
year = {2020},
version = {V2},
doi = {10.7910/DVN/M9UU09},
url = {https://doi.org/10.7910/DVN/M9UU09}
}

@article{fairclough2003,
  title={'Political correctness': The politics of culture and language},
  author={Fairclough, Norman},
  journal={Discourse \& Society},
  volume={14},
  number={1},
  pages={17--28},
  year={2003},
  publisher={Sage Publications London}
}

@book{feldstein1997,
  title={Political correctness: A response from the cultural left},
  author={Feldstein, Richard},
  year={1997},
  publisher={U of Minnesota Press}
}

@article{franceschet2016,
  title={Supermadres, maternal legacies and women's political participation in contemporary Latin America},
  author={Franceschet, Susan and Piscopo, Jennifer M and Thomas, Gwynn},
  journal={Journal of Latin American Studies},
  volume={48},
  number={1},
  pages={1--32},
  year={2016},
  publisher={Cambridge University Press}
}

@article{goffman1956,
  title={The presentation of self in everyday life. University of Edinburgh},
  author={Goffman, Erving},
  journal={Social Sciences Research Centre},
  year={1956}
}

@article{coleman2000,
  title={Televised election debates},
  author={Coleman, Stephen},
  journal={International perspectives},
  year={2000},
  publisher={Springer}
}

@article{foley2012,
  title={Sound bites: Rethinking the circulation of speech from fragment to fetish},
  author={Foley, Megan},
  journal={Rhetoric and Public Affairs},
  volume={15},
  number={4},
  pages={613--622},
  year={2012},
  publisher={Michigan State University Press}
}

@article{mckinney2013,
  title={Do presidential debates matter? Examining a decade of campaign debate effects},
  author={McKinney, Mitchell S and Warner, Benjamin R},
  journal={Argumentation and Advocacy},
  volume={49},
  number={4},
  pages={238--258},
  year={2013},
  publisher={Taylor and Francis}
}

@book{allison2009,
  title={Fixed effects regression models},
  author={Allison, Paul D},
  year={2009},
  publisher={SAGE publications}
}

@article{gutmann1994,
  title={Multiculturalism: Examining the politics of recognition},
  author={Gutmann, Amy},
  year={1994}
}

@article{hall1994,
  title={Some "politically incorrect" pathways through PC'in Sarah Dunant (ed.) The war of the words: the political correctness debate, 164-183},
  author={Hall, Stuart},
  journal={London: Virago},
  year={1994}
}

@article{hawkins2009,
  title={Is Chavez populist? Measuring populist discourse in comparative perspective},
  author={Hawkins, Kirk A},
  journal={Comparative political studies},
  volume={42},
  number={8},
  pages={1040--1067},
  year={2009},
  publisher={Sage Publications Sage CA: Los Angeles, CA}
}

@article{hawkins2018,
  title={Measuring populist discourse in the United States and beyond},
  author={Hawkins, Kirk A and Rovira Kaltwasser, Cristobal},
  journal={Nature human behaviour},
  volume={2},
  number={4},
  pages={241--242},
  year={2018},
  publisher={Nature Publishing Group}
}

@book{hughes2011,
  title={Political correctness: A history of semantics and culture},
  author={Hughes, Geoffrey},
  year={2011},
  publisher={John Wiley and Sons}
}

@article{kentikelenis2021,
  title={Legitimacy challenges to the liberal world order: Evidence from United Nations speeches, 1970-2018},
  author={Kentikelenis, Alexander and Voeten, Erik},
  journal={The Review of International Organizations},
  volume={16},
  number={4},
  pages={721--754},
  year={2021},
  publisher={Springer}
}

@book{laclau2005,
  title={On populist reason},
  author={Laclau, Ernesto},
  year={2005},
  publisher={Verso}
}

@article{loury1994,
  title={Self-censorship in public discourse: A theory of “political correctness” and related phenomena},
  author={Loury, Glenn C},
  journal={Rationality and Society},
  volume={6},
  number={4},
  pages={428--461},
  year={1994},
  publisher={SAGE Periodicals Press}
}

@book{mishra2017,
  title={Age of anger: A history of the present},
  author={Mishra, Pankaj},
  year={2017},
  publisher={Macmillan}
}

@book{moffitt2016,
  title={The global rise of populism: Performance, political style, and representation},
  author={Moffitt, Benjamin},
  year={2016},
  publisher={Stanford University Press}
}

@article{moffitt2014,
  title={Rethinking populism: Politics, mediatisation and political style},
  author={Moffitt, Benjamin and Tormey, Simon},
  journal={Political studies},
  volume={62},
  number={2},
  pages={381-397},
  year={2014},
  publisher={SAGE Publications Sage UK: London, England}
}

@misc{montanaro2018,
  title={Warning to Democrats: Most Americans against US getting more politically correct},
  author={Montanaro, Domenico},
  year={2018},
  publisher={NPR}
}

@article{mounk2018,
  title={Americans strongly dislike PC culture},
  author={Mounk, Yascha},
  journal={The Atlantic},
  volume={10},
  year={2018}
}

@article{mudde2004,
  title={The populist zeitgeist},
  author={Mudde, Cas},
  journal={Government and opposition},
  volume={39},
  number={4},
  pages={541-563},
  year={2004},
  publisher={Wiley Online Library}
}

@book{mudde2007,
  title={Populist radical right parties in Europe},
  author={Mudde, Cas},
  year={2007},
  publisher={Cambridge: Cambridge university press}
}

@book{norris2019,
  title={Cultural backlash: Trump, Brexit, and authoritarian populism},
  author={Norris, Pippa and Inglehart, Ronald},
  year={2019},
  publisher={Cambridge University Press}
}

@article{fordahl2018,
  title={Authenticity: The sociological dimensions of a politically consequential concept},
  author={Fordahl, Clayton},
  journal={The American Sociologist},
  volume={49},
  number={2},
  pages={299--311},
  year={2018},
  publisher={Springer}
}

@article{rosenblum2020,
  title={Tell it like it is: When politically incorrect language promotes authenticity.},
  author={Rosenblum, Michael and Schroeder, Juliana and Gino, Francesca},
  journal={Journal of Personality and Social Psychology},
  volume={119},
  number={1},
  pages={75},
  year={2020},
  publisher={American Psychological Association}
}

@article{gantt2017donald,
  title={Donald Trump’s “political incorrectness”: Neoliberalism as frontstage racism on social media},
  author={Gantt Shafer, Jessica},
  journal={Social Media+ Society},
  volume={3},
  number={3},
  pages={2056305117733226},
  year={2017},
  publisher={SAGE Publications Sage UK: London, England}
}

@article{stiers2021,
  title={Candidate authenticity:'To thine own self be true'},
  author={Stiers, Dieter and Larner, Jac and Kenny, John and Breitenstein, Sofia and Vallee-Dubois, Florence and Lewis-Beck, Michael},
  journal={Political Behavior},
  volume={43},
  number={3},
  pages={1181--1204},
  year={2021},
  publisher={Springer}
}

@article{tamaki2020,
  title={Populism in Brazil’s 2018 general elections: An analysis of Bolsonaro's campaign speeches},
  author={Tamaki, Eduardo Ryo and Fuks, Mario},
  journal={Lua Nova: Revista de Cultura e Politica},
  pages={103--127},
  year={2020},
  publisher={SciELO Brasil}
}

@book{taylor1992,
  title={The ethics of authenticity},
  author={Taylor, Charles},
  year={1992},
  publisher={Harvard University Press}
}

@incollection{taylor1994,
  title={Multiculturalism},
  author={Taylor, Charles},
  booktitle={Multiculturalism},
  year={1994},
  publisher={Princeton University Press}
}

@article{valgarosson2021,
  title={The good politician and political trust: An authenticity gap in British politics?},
  author={Valgarosson, Viktor Orri and Clarke, Nick and Jennings, Will and Stoker, Gerry},
  journal={Political Studies},
  volume={69},
  number={4},
  pages={858--880},
  year={2021},
  publisher={SAGE Publications Sage UK: London, England}
}

@article{weyland2001,
  title={Clarifying a contested concept: Populism in the study of Latin American politics},
  author={Weyland, Kurt},
  journal={Comparative politics},
  pages={1--22},
  year={2001},
  publisher={JSTOR}
}

@article{weigel2016,
  title={Political correctness: how the right invented a phantom enemy},
  author={Weigel, Moira},
  journal={The Guardian},
  volume={30},
  pages={2016},
  year={2016}
}

@article{wood1994,
  title={Gendered media: The influence of media on views of gender},
  author={Wood, Julia T},
  journal={Gendered lives: Communication, gender, and culture},
  volume={9},
  pages={231--244},
  year={1994},
  publisher={Wadsworth Publishing Belmont, CA}
}

@book{wooldridge2015introductory,
  title={Introductory econometrics: A modern approach},
  author={Wooldridge, Jeffrey M},
  year={2015},
  publisher={Cengage learning}
}

@article{goncalves2020,
  title={94% dos brasileiros reconhecem que pessoas negras tem mais chances de serem abordadas de forma violenta e mortas pela policia, diz pesquisa},
  author={Goncalves, Felipe and Goncalves, Gabriela},
  journal={G1 Globo},
  year={2020}
}

@article{possenti1995,
  title={A linguagem politicamente correta e a analise do discurso},
  author={Possenti, Sirio},
  journal={Revista de estudos da linguagem},
  volume={3},
  number={2},
  pages={123--140},
  year={1995}
}

@article{fiorin2008,
  title={A linguagem politicamente correta},
  author={Fiorin, Jose Luiz},
  journal={revista Linguasagem},
  volume={1},
  number={1},
  year={2008}
}

@article{morato2017,
  title={“O mundo ta chato”: algumas notas sobre a dimensao sociocognitiva do politicamente correto na linguagem},
  author={Morato, Edwiges and Bentes, Anna Christina},
  journal={Revista USP},
  number={115},
  pages={11--28},
  year={2017}
}

@article{wc2014,
  title={Notas sobre o politicamente correto},
  author={Weinmann, Amadeu de Oliveira and Culau, Fabio Vacaro},
  journal={Estudos e Pesquisas em Psicologia},
  volume={14},
  number={2},
  pages={628--645},
  year={2014},
  publisher={Universidade do Estado do Rio de Janeiro}
}

@article{farias2001,
  title={Liberdade de expressao e comunicacao},
  author={Farias, Edilsom Pereira de},
  year={2001},
  publisher={Florianopolis, SC}
}

@article{freitas2013,
  title={Liberdade de Expressao e Discurso do Odio: um exame sobre as possiveis limitacoes a liberdade de expressao},
  author={Freitas, Riva Sobrado de and Castro, Matheus Felipe de},
  journal={Sequencia},
  pages={327--355},
  year={2013},
  publisher={SciELO Brasil}
}

@book{ragin1987,
  title={The comparative method: Moving beyond qualitative and quantitative strategies},
  author={Ragin, Charles C},
  year={1987},
  publisher={JSTOR}
}

@book{baker2020,
  title={Persuasive peers: social communication and voting in Latin America},
  author={Baker, Andy and Ames, Barry and Renn{\'o}, L{\'u}cio},
  year={2020},
  publisher={Princeton University Press}
}

@article{balderas2010,
  title={From Europe to the Americas: a comparative panel-data analysis of migration to Argentina, Brazil, and the United States, 1870--1910},
  author={Ulyses Balderas, J and Greenwood, Michael J},
  journal={Journal of Population Economics},
  volume={23},
  pages={1301--1318},
  year={2010},
  publisher={Springer}
}

@incollection{silva2020,
  title={Race and Racisms: Why and how to Compare?},
  author={Silva, Graziella Moraes},
  booktitle={Routledge International Handbook of Contemporary Racisms},
  pages={67--77},
  year={2020},
  publisher={Routledge}
}

@book{marx1998,
  title={Making race and nation: A comparison of South Africa, the United States, and Brazil},
  author={Marx, Anthony W},
  year={1998},
  publisher={Cambridge University Press}
}

@article{ricci1970,
  title={Democracy attenuated: Schumpeter, the process theory, and american democratic thought},
  author={Ricci, David M},
  journal={The Journal of Politics},
  volume={32},
  number={2},
  pages={239--267},
  year={1970},
  publisher={Southern Political Science Association}
}

@article{mainwaring1991,
  title={Politicians, parties, and electoral systems: Brazil in comparative perspective},
  author={Mainwaring, Scott},
  journal={Comparative Politics},
  volume={24},
  number={1},
  pages={21--43},
  year={1991},
  publisher={JSTOR}
}

@article{markoff1999,
  title={Where and when was democracy invented?},
  author={Markoff, John},
  journal={Comparative studies in society and history},
  volume={41},
  number={4},
  pages={660--690},
  year={1999},
  publisher={Cambridge University Press}
}

@article{morgenstern2013,
  title={Tall, grande, or venti: Presidential powers in the United States and Latin America},
  author={Morgenstern, Scott and Polga-Hecimovich, John and Shair-Rosenfield, and Sarah},
  journal={Journal of Politics in Latin America},
  volume={5},
  number={2},
  pages={37--70},
  year={2013},
  publisher={SAGE Publications Sage UK: London, England}
}

@article{couto2021,
  title={Presidencialismo de coalizao: conceito e aplicacao},
  author={Couto, Lucas and Soares, Andeliton and Livramento, Bernardo},
  journal={Revista Brasileira de Ciencia Politica},
  year={2021},
  publisher={SciELO Brasil}
}

@article{pereira2008,
  title={Agenda power, executive decree authority, and the mixed results of reform in the Brazilian Congress},
  author={Pereira, Carlos and Power, Timothy J and Renn{\'o}, Lucio R},
  journal={Legislative Studies Quarterly},
  volume={33},
  number={1},
  pages={5--33},
  year={2008},
  publisher={Wiley Online Library}
}

@book{seifert2012,
  title={The politics of authenticity in presidential campaigns, 1976-2008},
  author={Seifert, Erica J},
  year={2012},
  publisher={McFarland}
}

@book{denton1988,
  title={The primetime presidency of Ronald Reagan: The era of the television presidency},
  author={Denton, Robert E},
  year={1988},
  publisher={ABC-CLIO}
}

@article{french2022,
  title={Charisma's Birth from the Bottom Up: Lula, ABC's Metalworkers’ Strikes and the Social History of Brazilian Politics},
  author={French, John D},
  journal={Journal of Latin American Studies},
  volume={54},
  number={4},
  pages={705--729},
  year={2022},
  publisher={Cambridge University Press}
}

@article{bauer2017,
  title={To be or not to be authentic. In defence of authenticity as an ethical ideal},
  author={Bauer, Katharina},
  journal={Ethical Theory and Moral Practice},
  volume={20},
  number={3},
  pages={567--580},
  year={2017},
  publisher={Springer}
}

@book{varga2013,
  title={Authenticity as an ethical ideal},
  author={Varga, Somogy},
  year={2013},
  publisher={Routledge}
}

@incollection{gibson1992,
  title={Conservative Electoral Movements and Democratic Politics: Core Constituencies, Coalition-Building, and the Latin American Electoral Right},
  author={Gibson, Edward L},
  booktitle={The Right and Democracy in Latin America},
  year={1992},
  publisher={Praeger-Greenwood}
}

@article{castro2021,
  title={How Different is the Brazilian Political System? A Comparative Study},
  author={de Castro, Luciano and C{\^a}mara, Odilon and Oliveira, Sebastiao},
  year={2021}
}

@book{denton1988,
  title={The primetime presidency of Ronald Reagan: The era of the television presidency},
  author={Denton, Robert E},
  year={1988},
  publisher={ABC-CLIO}
}

@article{goren2018,
  title={Authenticity and Emotion: Hillary Rodham Clinton's Dual Constraints},
  author={Goren, Lilly J},
  journal={Politics \& Gender},
  volume={14},
  number={1},
  pages={111--115},
  year={2018},
  publisher={Cambridge University Press}
}

@book{mainwaring1999,
  title={Rethinking party systems in the third wave of democratization: the case of Brazil},
  author={Mainwaring, Scott},
  year={1999},
  publisher={Stanford University Press}
}

@article{lacatus2022,
  title={‘Saying it like it is’: Right-wing populism, international politics, and the performance of authenticity},
  author={Lacatus, Corina and Meibauer, Gustav},
  journal={The British Journal of Politics and International Relations},
  volume={24},
  number={3},
  pages={437--457},
  year={2022},
  publisher={SAGE Publications Sage UK: London, England}
}

@book{kohl2021,
  title={Politics of Authenticity and Populist Discourses: Media and education in Brazil, India and Ukraine},
  author={Kohl, Christoph and Christophe, Barbara and Liebau, Heike and Saupe, Achim},
  year={2021},
  publisher={Springer}
}

@article{welp2017,
  title={Presidentas twitteras: The social media use of Cristina Fern{\'a}ndez de Kirchner and Dilma Rousseff},
  author={Welp, Yanina and Ruth, Saskia P},
  journal={Women, politics, and democracy in Latin America},
  pages={131--149},
  year={2017},
  publisher={Springer}
}

@book{santos2021,
  title={Women's empowerment and disempowerment in Brazil: the rise and fall of President Dilma Rousseff},
  author={Dos Santos, Pedro and Jalalazai, Farida},
  year={2021},
  publisher={Temple University Press}
}

@article{schafer2022,
  title={Cultural backlash? How (not) to explain the rise of authoritarian populism},
  author={Sch{\"a}fer, Armin},
  journal={British Journal of Political Science},
  volume={52},
  number={4},
  pages={1977--1993},
  year={2022},
  publisher={Cambridge University Press}
}

@article{boggild2020,
  title={Politicians as party hacks: Party loyalty and public distrust in politicians},
  author={B{\o}ggild, Troels},
  journal={The Journal of Politics},
  volume={82},
  number={4},
  pages={1516--1529},
  year={2020},
  publisher={The University of Chicago Press Chicago, IL}
}

@article{luebke2021,
  title={Political authenticity: Conceptualization of a popular term},
  author={Luebke, Simon M},
  journal={The International Journal of Press/Politics},
  volume={26},
  number={3},
  pages={635--653},
  year={2021},
  publisher={SAGE Publications Sage CA: Los Angeles, CA}
}

@article{jones2016,
  title={Authenticity in political discourse},
  author={Jones, Ben},
  journal={Ethical Theory and Moral Practice},
  volume={19},
  pages={489--504},
  year={2016},
  publisher={Springer}
}

@article{luebke2022,
  title={Do we know politicians’ true selves from the media? Exploring the relationship between political media exposure and perceived political authenticity},
  author={Luebke, Simon M and Engelmann, Ines},
  journal={Social Media+ Society},
  volume={8},
  number={1},
  pages={20563051221077030},
  year={2022},
  publisher={SAGE Publications Sage UK: London, England}
}

@article{silva-muller2023,
	title = {Which {Amazon} {Problem}? {Problem}-constructions and {Transnationalism} in {Brazilian} {Presidential} {Discourse} since 1985},
	volume = {0},
	url = {https://doi.org/10.1080/09644016.2023.2220639},
	doi = {10.1080/09644016.2023.2220639},
	number = {0},
	journal = {Environmental Politics},
	author = {Silva-Muller, Livio and Sposito, Henrique},
	year = {2023},
	note = {Publisher: Routledge
\_eprint: https://doi.org/10.1080/09644016.2023.2220639},
	pages = {1--24},
}

@article{feres2021,
  title={Populism and the media in Brazil: The case of Jair Bolsonaro},
  author={Feres J{\'u}nior, Jo{\~a}o and Gagliardi, Juliana},
  journal={The politics of authenticity and populist discourses: Media and education in Brazil, India and Ukraine},
  pages={83--104},
  year={2021},
  publisher={Springer}
}

@article{schweitzer1974,
  title={Theory and political charisma},
  author={Schweitzer, Arthur},
  journal={Comparative Studies in Society and History},
  volume={16},
  number={2},
  pages={150--181},
  year={1974},
  publisher={Cambridge University Press}
}

@article{ratnam1964,
  title={Charisma and political leadership},
  author={Ratnam, Kanagaratnam J},
  journal={Political Studies},
  volume={12},
  number={3},
  pages={341--354},
  year={1964},
  publisher={SAGE Publications Sage UK: London, England}
}

@article{cohen1972,
  title={The concept of charisma and the analysis of leadership},
  author={Cohen, David L},
  journal={Political Studies},
  volume={20},
  number={3},
  pages={299--305},
  year={1972},
  publisher={SAGE Publications Sage UK: London, England}
}

@article{bensman1975,
  title={Charisma and modernity: The use and abuse of a concept},
  author={Bensman, Joseph and Givant, Michael},
  journal={Social research},
  pages={570--614},
  year={1975},
  publisher={JSTOR}
}

@book{aberbach1996,
  title={Charisma in politics, religion and the media: Private trauma, public ideals},
  author={Aberbach, David},
  year={1996},
  publisher={Springer}
}

@book{derman2012,
  title={Max Weber in politics and social thought: From charisma to canonization},
  author={Derman, Joshua},
  volume={102},
  year={2012},
  publisher={Cambridge University Press}
}

@article{spinrad1991,
  title={Charisma: a blighted concept and an alternative formula},
  author={Spinrad, William},
  journal={Political Science Quarterly},
  volume={106},
  number={2},
  pages={295--311},
  year={1991},
  publisher={JSTOR}
}

@book{tavares1998,
  title={Fernando Collor: o discurso messi{\^a}nico: o clamor ao sagrado},
  author={Tavares, Olga},
  volume={90},
  year={1998},
  publisher={Annablume}
}

@article{siavelis2008,
  title={Candidate recruitment and selection in Latin America: a framework for analysis},
  author={Siavelis, Peter M and Morgenstern, Scott},
  journal={Latin American Politics and Society},
  volume={50},
  number={4},
  pages={27--58},
  year={2008},
  publisher={Cambridge University Press}
}

@book{mainwaring1997,
  title={Presidentialism and democracy in Latin America},
  author={Mainwaring, Scott and Shugart, Matthew Soberg},
  year={1997},
  publisher={Cambridge University Press}
}

@article{leruth2019,
  title={Does political discourse matter? Comparing party positions and public attitudes on immigration in England},
  author={Leruth, Benjamin and Taylor-Gooby, Peter},
  journal={Politics},
  volume={39},
  number={2},
  pages={154--169},
  year={2019},
  publisher={SAGE Publications Sage UK: London, England}
}

@article{schmidt2002,
  title={Does discourse matter in the politics of welfare state adjustment?},
  author={Schmidt, Vivien A},
  journal={Comparative political studies},
  volume={35},
  number={2},
  pages={168--193},
  year={2002},
  publisher={Sage Publications Thousand Oaks}
}

@article{schmidt2001,
  title={The politics of economic adjustment in France and Britain: when does discourse matter?},
  author={Schmidt, Vivien A},
  journal={Journal of European Public Policy},
  volume={8},
  number={2},
  pages={247--264},
  year={2001},
  publisher={Taylor \& Francis}
}

@article{voltmer2004,
  title={The mass media and the dynamics of political communication in processes of democratization},
  author={Voltmer, Katrin},
  journal={Mass media and political communication in new democracies},
  pages={1--20},
  year={2004},
  publisher={Routledge Londres}
}

@article{blumler1999,
  title={The third age of political communication: Influences and features},
  author={Blumler, Jay G and Kavanagh, Dennis},
  journal={Political communication},
  volume={16},
  number={3},
  pages={209--230},
  year={1999},
  publisher={Taylor \& Francis}
}

@article{hibbing2011,
  title={Personality and political discussion},
  author={Hibbing, Matthew V and Ritchie, Melinda and Anderson, Mary R},
  journal={Political Behavior},
  volume={33},
  pages={601--624},
  year={2011},
  publisher={Springer}
}

@article{greenstein1992,
  title={Can personality and politics be studied systematically?},
  author={Greenstein, Fred I},
  journal={Political psychology},
  pages={105--128},
  year={1992},
  publisher={JSTOR}
}

@article{riker1982,
  title={The two-party system and Duverger's law: An essay on the history of political science},
  author={Riker, William H},
  journal={American political science review},
  volume={76},
  number={4},
  pages={753--766},
  year={1982},
  publisher={Cambridge University Press}
}

@article{grofman2004,
  title={Downs and two-party convergence},
  author={Grofman, Bernard},
  journal={Annu. Rev. Polit. Sci.},
  volume={7},
  pages={25--46},
  year={2004},
  publisher={Annual Reviews}
}

@book{samuels2010,
  title={Presidents, parties, and prime ministers: How the separation of powers affects party organization and behavior},
  author={Samuels, David J and Shugart, Matthew S},
  year={2010},
  publisher={Cambridge University Press}
}

@article{nai2021,
  title={Personality goes a long way (for some). An experimental investigation into candidate personality traits, voters’ profile, and perceived likeability},
  author={Nai, Alessandro and Maier, J{\"u}rgen and Vrani{\'c}, Jug},
  journal={Frontiers in Political Science},
  volume={3},
  pages={4},
  year={2021},
  publisher={Frontiers}
}

@article{garzia2022,
  title={Partisan dealignment and the personalisation of politics in West European parliamentary democracies, 1961--2018},
  author={Garzia, Diego and Ferreira da Silva, Frederico and De Angelis, Andrea},
  journal={West European Politics},
  volume={45},
  number={2},
  pages={311--334},
  year={2022},
  publisher={Taylor \& Francis}
}

@article{catellani2015,
  title={The Perception of Politicians’ Morality},
  author={Catellani, Patrizia and Bertolotti, Mauro},
  journal={Social psychology and politics},
  pages={113},
  year={2015},
  publisher={Psychology Press}
}

@book{lobo2014,
  title={Personality politics?: The role of leader evaluations in democratic elections},
  author={Lobo, Marina Costa and Curtice, John},
  year={2014},
  publisher={OUP Oxford}
}

@article{cwalina2016,
  title={Morality and competence in shaping the images of political leaders},
  author={Cwalina, Wojciech and Falkowski, Andrzej},
  journal={Journal of Political Marketing},
  volume={15},
  number={2-3},
  pages={220--239},
  year={2016},
  publisher={Taylor \& Francis}
}

@article{rhoades1993,
  title={The herfindahl-hirschman index},
  author={Rhoades, Stephen A},
  journal={Fed. Res. Bull.},
  volume={79},
  pages={188},
  year={1993},
  publisher={HeinOnline}
}

@book{weber2009,
  title={The theory of social and economic organization},
  author={Weber, Max},
  year={2009},
  publisher={Simon and Schuster}
}

@article{neto1997,
  title={Electoral institutions, cleavage structures, and the number of parties},
  author={Neto, Octavio Amorim and Cox, Gary W},
  journal={American Journal of Political Science},
  pages={149--174},
  year={1997},
  publisher={JSTOR}
}

@article{weinberg2023,
  title={Building Trust in Political Office: Testing the Efficacy of Political Contact and Authentic Communication},
  author={Weinberg, James},
  journal={Political Studies},
  pages={00323217231185706},
  year={2023},
  publisher={SAGE Publications Sage UK: London, England}
}
